<?xml version="1.0" encoding="UTF-8"?><record xmlns="http://www.loc.gov/MARC21/slim" xmlns:cinclude="http://apache.org/cocoon/include/1.0" xmlns:zs="http://www.loc.gov/zing/srw/">
  <leader>00337nz  a2200121n  4500</leader>
  <controlfield tag="001">nr 89009417 </controlfield>
  <controlfield tag="003">DLC</controlfield>
  <controlfield tag="005">19890727055844.2</controlfield>
  <controlfield tag="008">890725n| acannaab|          |n aaa     c</controlfield>
  <datafield tag="010" ind1=" " ind2=" ">
    <subfield code="a">nr 89009417 </subfield>
  </datafield>
  <datafield tag="040" ind1=" " ind2=" ">
    <subfield code="a">NjP</subfield>
    <subfield code="c">NjP</subfield>
  </datafield>
  <datafield tag="100" ind1="1" ind2="0">
    <subfield code="a">Hahm, Claudia,</subfield>
    <subfield code="d">1961-</subfield>
  </datafield>
  <datafield tag="670" ind1=" " ind2=" ">
    <subfield code="a">Was zu Sagen ist, c1988:</subfield>
    <subfield code="b">t.p. (Claudia Hahm) cover p. 4 (b. 1961 in Wuppertal)</subfield>
  </datafield>
</record>